@article{Wiedemann1986,
  author       = {Wiedemann, Douglas H.},
  title        = {Solving Sparse Linear Equations Over Finite Fields},
  journal      = {IEEE Transactions on Information Theory},
  volume       = {32},
  number       = {1},
  pages        = {54--62},
  year         = {1986},
  month        = jan,
  doi          = {10.1109/TIT.1986.1057137},
  url          = {https://doi.org/10.1109/TIT.1986.1057137},
  keywords     = {cryptology, sparse linear algebra},
}

@inproceedings{Pomerance1985QuadraticSieve,
  author       = {Pomerance, Carl},
  title        = {The Quadratic Sieve Factoring Algorithm},
  booktitle    = {Advances in Cryptology: Proceedings of EUROCRYPT 84},
  series       = {Lecture Notes in Computer Science},
  volume       = {209},
  pages        = {169--182},
  year         = {1985},
  month        = jan,
  publisher    = {Springer, Berlin, Heidelberg},
  doi          = {10.1007/3-540-39757-4\_17},
  url          = {https://doi.org/10.1007/3-540-39757-4\_17},
  keywords     = {integer factorization, quadratic sieve},
}

@article{RSA1978,
  author       = {Rivest, Ronald L. and Shamir, Adi and Adleman, Leonard},
  title        = {A Method for Obtaining Digital Signatures and Public-Key Cryptosystems},
  journal      = {Communications of the ACM},
  volume       = {21},
  number       = {2},
  pages        = {120--126},
  year         = {1978},
  month        = feb,
  doi          = {10.1145/359340.359342},
  url          = {https://doi.org/10.1145/359340.359342},
  keywords     = {authentication, cryptography, digital signatures, public-key cryptosystems},
}

@book{Kraitchik1929Factorisation,
  author       = {Kraitchik, Marcel},
  title        = {Recherches sur la théorie des nombres, Tome II: Factorisation},
  publisher    = {Gauthier-Villars},
  address      = {Paris, France},
  year         = {1929},
  keywords     = {factorization, number theory},
}

@article{Dixon1981,
  author       = {Dixon, John D.},
  title        = {Asymptotically Fast Factorization of Integers},
  journal      = {Mathematics of Computation},
  volume       = {36},
  number       = {153},
  pages        = {255--260},
  year         = {1981},
  month        = jan,
  doi          = {10.1090/S0025-5718-1981-0595059-1},
  url          = {https://doi.org/10.1090/S0025-5718-1981-0595059-1},
  keywords     = {integer factorization, random squares method},
}

@article{Massey1969,
  author       = {Massey, James L.},
  title        = {Shift-Register Synthesis and BCH Decoding},
  journal      = {IEEE Transactions on Information Theory},
  volume       = {15},
  number       = {1},
  pages        = {122--127},
  year         = {1969},
  month        = jan,
  doi          = {10.1109/TIT.1969.1054260},
  url          = {https://doi.org/10.1109/TIT.1969.1054260},
  keywords     = {error-correcting codes, linear feedback shift registers},
}

@book{Legendre1798,
  author       = {Legendre, Adrien-Marie},
  title        = {Essai sur la théorie des nombres},
  publisher    = {Duprat},
  address      = {Paris, France},
  year         = {1798},
  note         = {Originally published An VI (1798)},
  keywords     = {number theory, Legendre symbol},
}

