@article{wiedemann,
  author   = {DOUGLAS H. WIEDEMANN},
  title    = {{Solving Sparse Linear Equations Over Finite Fields}},
  journal  = {IEEE Transactions on Information Theory},
  volume   = {32},
  number   = {1},
  pages    = {54--62},
  year     = {1986},
  doi      = {http://dx.doi.org/10.1109/TIT.1986.1057137},
  keywords = {cryptology}
}